@article{intervalarithmetic,
 author = {Hickey, T. and Ju, Q. and Van Emden, M. H.},
 title = {Interval Arithmetic: From Principles to Implementation},
 journal = {J. ACM},
 issue_date = {September 2001},
 volume = {48},
 number = {5},
 month = sep,
 year = {2001},
 pages = {1038--1068},
 numpages = {31},
 url = {http://doi.acm.org/10.1145/502102.502106},
 acmid = {502106},
 publisher = {ACM},
 address = {New York, NY, USA},
} 

@inproceedings{SmithAndLai2005,
	Address = {Paris, France},
	Author = {W. Spencer Smith and Lei Lai},
	Booktitle = {Proceedings of the First International Workshop on Situational 
	Requirements Engineering Processes -- Methods, Techniques and Tools to 
	Support Situation-Specific Requirements Engineering Processes, SREP'05},
	Date-Added = {2017-09-14 15:47:18 +0000},
	Date-Modified = {2017-09-14 15:47:18 +0000},
	Editor = {J. Ralyt\'{e} and P. \.{A}gerfalk and N. Kraiem},
	Local-Url = 
	{file://localhost/Users/smiths/Work/Research/Papers/SREP05/SREP05_ReformatAndRevise/SmithAndLai_2005.pdf},
	Organization = {In conjunction with 13th IEEE International Requirements 
	Engineering Conference},
	Pages = {107--121},
	Title = {A New Requirements Template for Scientific Computing},
	Year = {2005},
	Bdsk-File-1 = 
	{YnBsaXN0MDDUAQIDBAUGJCVYJHZlcnNpb25YJG9iamVjdHNZJGFyY2hpdmVyVCR0b3ASAAGGoKgHCBMUFRYaIVUkbnVsbNMJCgsMDxJXTlMua2V5c1pOUy5vYmplY3RzViRjbGFzc6INDoACgAOiEBGABIAFgAdccmVsYXRpdmVQYXRoWWFsaWFzRGF0YV8QVS4uLy4uLy4uLy4uL1dvcmsvUmVzZWFyY2gvUGFwZXJzL1NSRVAwNS9TUkVQMDVfUmVmb3JtYXRBbmRSZXZpc2UvU21pdGhBbmRMYWlfMjAwNS5wZGbSFwsYGVdOUy5kYXRhTxECDgAAAAACDgACAAAMTWFjaW50b3NoIEhEAAAAAAAAAAAAAAAAAAAAzpdzg0grAAAAF0DvFFNtaXRoQW5kTGFpXzIwMDUucGRmAAAAAAAAAAAAAAAAAAAAAAAAAAAAAAAAAAAAAAAAAAAAAAAAAAAAAAAAAAAXntPPIuJUAAAAAAAAAAAABAAGAAAJIAAAAAAAAAAAAAAAAAAAABhTUkVQMDVfUmVmb3JtYXRBbmRSZXZpc2UAEAAIAADOl6vDAAAAEQAIAADPIyikAAAAAQAcABdA7wAXC3oAFwILABcATQAW/e0ACPdmAAJkjgACAGpNYWNpbnRvc2ggSEQ6VXNlcnM6AHNtaXRoczoAV29yazoAUmVzZWFyY2g6AFBhcGVyczoAU1JFUDA1OgBTUkVQMDVfUmVmb3JtYXRBbmRSZXZpc2U6AFNtaXRoQW5kTGFpXzIwMDUucGRmAA4AKgAUAFMAbQBpAHQAaABBAG4AZABMAGEAaQBfADIAMAAwADUALgBwAGQAZgAPABoADABNAGEAYwBpAG4AdABvAHMAaAAgAEgARAASAFZVc2Vycy9zbWl0aHMvV29yay9SZXNlYXJjaC9QYXBlcnMvU1JFUDA1L1NSRVAwNV9SZWZvcm1hdEFuZFJldmlzZS9TbWl0aEFuZExhaV8yMDA1LnBkZgATAAEvAAAVAAIADf//AACABtIbHB0eWiRjbGFzc25hbWVYJGNsYXNzZXNdTlNNdXRhYmxlRGF0YaMdHyBWTlNEYXRhWE5TT2JqZWN00hscIiNcTlNEaWN0aW9uYXJ5oiIgXxAPTlNLZXllZEFyY2hpdmVy0SYnVHJvb3SAAQAIABEAGgAjAC0AMgA3AEAARgBNAFUAYABnAGoAbABuAHEAcwB1AHcAhACOAOYA6wDzAwUDBwMMAxcDIAMuAzIDOQNCA0cDVANXA2kDbANxAAAAAAAAAgEAAAAAAAAAKAAAAAAAAAAAAAAAAAAAA3M=}}

@article{SmithEtAl2007,
	Author = {W. Spencer Smith and Lei Lai and Ridha Khedri},
	Date-Added = {2017-09-14 15:47:22 +0000},
	Date-Modified = {2017-09-14 15:47:22 +0000},
	Journal = {Reliable Computing, Special Issue on Reliable Engineering 
	Computation},
	Local-Url = 
	{/Users/smiths/Work/Research/Papers/ReliableComputing/SmithLaiAndKhedri2007fulltext.pdf},
	Month = {February},
	Number = {1},
	Pages = {83--107},
	Title = {Requirements Analysis for Engineering Computation: A Systematic 
	Approach for Improving Software Reliability},
	Volume = {13},
	Year = {2007},
	Bdsk-File-1 = 
	{YnBsaXN0MDDUAQIDBAUGJCVYJHZlcnNpb25YJG9iamVjdHNZJGFyY2hpdmVyVCR0b3ASAAGGoKgHCBMUFRYaIVUkbnVsbNMJCgsMDxJXTlMua2V5c1pOUy5vYmplY3RzViRjbGFzc6INDoACgAOiEBGABIAFgAdccmVsYXRpdmVQYXRoWWFsaWFzRGF0YV8QSC4uLy4uLy4uL3NlNHNjL1NjaUNvbXBBbmRTb2Z0RW5nUGFwZXJzL1NtaXRoTGFpQW5kS2hlZHJpMjAwN2Z1bGx0ZXh0LnBkZtIXCxgZV05TLmRhdGFPEQIUAAAAAAIUAAIAAAxNYWNpbnRvc2ggSEQAAAAAAAAAAAAAAAAAAADOl3ODSCsAAAkx/Q0fU21pdGhMYWlBbmRLaGVkcmkyMCM5MzFGRDYwLnBkZgAAAAAAAAAAAAAAAAAAAAAAAAAAAAAAAAAAAAAAAAAACTH9YNNvBNMAAAAAAAAAAAADAAMAAAkgAAAAAAAAAAAAAAAAAAAAF1NjaUNvbXBBbmRTb2Z0RW5nUGFwZXJzAAAQAAgAAM6Xq8MAAAARAAgAANNvPRMAAAABABQJMf0NCTHuxwASFacACPdmAAJkjgACAGJNYWNpbnRvc2ggSEQ6VXNlcnM6AHNtaXRoczoAUmVwb3M6AHNlNHNjOgBTY2lDb21wQW5kU29mdEVuZ1BhcGVyczoAU21pdGhMYWlBbmRLaGVkcmkyMCM5MzFGRDYwLnBkZgAOAEQAIQBTAG0AaQB0AGgATABhAGkAQQBuAGQASwBoAGUAZAByAGkAMgAwADAANwBmAHUAbABsAHQAZQB4AHQALgBwAGQAZgAPABoADABNAGEAYwBpAG4AdABvAHMAaAAgAEgARAASAFJVc2Vycy9zbWl0aHMvUmVwb3Mvc2U0c2MvU2NpQ29tcEFuZFNvZnRFbmdQYXBlcnMvU21pdGhMYWlBbmRLaGVkcmkyMDA3ZnVsbHRleHQucGRmABMAAS8AABUAAgAN//8AAIAG0hscHR5aJGNsYXNzbmFtZVgkY2xhc3Nlc11OU011dGFibGVEYXRhox0fIFZOU0RhdGFYTlNPYmplY3TSGxwiI1xOU0RpY3Rpb25hcnmiIiBfEA9OU0tleWVkQXJjaGl2ZXLRJidUcm9vdIABAAgAEQAaACMALQAyADcAQABGAE0AVQBgAGcAagBsAG4AcQBzAHUAdwCEAI4A2QDeAOYC/gMAAwUDEAMZAycDKwMyAzsDQANNA1ADYgNlA2oAAAAAAAACAQAAAAAAAAAoAAAAAAAAAAAAAAAAAAADbA==},
	Bdsk-File-2 = 
	{YnBsaXN0MDDUAQIDBAUGJCVYJHZlcnNpb25YJG9iamVjdHNZJGFyY2hpdmVyVCR0b3ASAAGGoKgHCBMUFRYaIVUkbnVsbNMJCgsMDxJXTlMua2V5c1pOUy5vYmplY3RzViRjbGFzc6INDoACgAOiEBGABIAFgAdccmVsYXRpdmVQYXRoWWFsaWFzRGF0YV8QVC4uLy4uLy4uLy4uL1dvcmsvUmVzZWFyY2gvUGFwZXJzL1JlbGlhYmxlQ29tcHV0aW5nL1NtaXRoTGFpQW5kS2hlZHJpMjAwN2Z1bGx0ZXh0LnBkZtIXCxgZV05TLmRhdGFPEQIaAAAAAAIaAAIAAAxNYWNpbnRvc2ggSEQAAAAAAAAAAAAAAAAAAADOl3ODSCsAAAAXC24fU21pdGhMYWlBbmRLaGVkcmkyMDAjMTc4ODYzLnBkZgAAAAAAAAAAAAAAAAAAAAAAAAAAAAAAAAAAAAAAAAAAABeIY88i4TNQREYgQ0FSTwAEAAUAAAkgAAAAAAAAAAAAAAAAAAAAEVJlbGlhYmxlQ29tcHV0aW5nAAAQAAgAAM6Xq8MAAAARAAgAAM8jJ4MAAAABABgAFwtuABcCCwAXAE0AFv3tAAj3ZgACZI4AAgBmTWFjaW50b3NoIEhEOlVzZXJzOgBzbWl0aHM6AFdvcms6AFJlc2VhcmNoOgBQYXBlcnM6AFJlbGlhYmxlQ29tcHV0aW5nOgBTbWl0aExhaUFuZEtoZWRyaTIwMCMxNzg4NjMucGRmAA4ARAAhAFMAbQBpAHQAaABMAGEAaQBBAG4AZABLAGgAZQBkAHIAaQAyADAAMAA3AGYAdQBsAGwAdABlAHgAdAAuAHAAZABmAA8AGgAMAE0AYQBjAGkAbgB0AG8AcwBoACAASABEABIAVVVzZXJzL3NtaXRocy9Xb3JrL1Jlc2VhcmNoL1BhcGVycy9SZWxpYWJsZUNvbXB1dGluZy9TbWl0aExhaUFuZEtoZWRyaTIwMDdmdWxsdGV4dC5wZGYAABMAAS8AABUAAgAN//8AAIAG0hscHR5aJGNsYXNzbmFtZVgkY2xhc3Nlc11OU011dGFibGVEYXRhox0fIFZOU0RhdGFYTlNPYmplY3TSGxwiI1xOU0RpY3Rpb25hcnmiIiBfEA9OU0tleWVkQXJjaGl2ZXLRJidUcm9vdIABAAgAEQAaACMALQAyADcAQABGAE0AVQBgAGcAagBsAG4AcQBzAHUAdwCEAI4A5QDqAPIDEAMSAxcDIgMrAzkDPQNEA00DUgNfA2IDdAN3A3wAAAAAAAACAQAAAAAAAAAoAAAAAAAAAAAAAAAAAAADfg==}}

